
@inproceedings{ssarma2017hmm,
  title={HMM based isolated word nepali speech recognition},
  author={Ssarma, Manish K and Gajurel, Avaas and Pokhrel, Anup and Joshi, Basanta},
  booktitle={2017 International Conference on Machine Learning and Cybernetics (ICMLC)},
  volume={1},
  pages={71--76},
  year={2017},
  organization={IEEE}
}
@article{paribesh2019nepali,
  title={Nepali Speech Recognition using RNN-CTC Model},
  author={Paribesh and Regmi, Arjun and Dhakal, Basanta and Joshi},
  journal={International Journal of Computer Applications},
  volume={178},
  number={31},
  year={2019},
  publisher={IJCA}
}
@inproceedings{shakya2017music,
  title={Music classification based on genre and mood},
  author={Shakya, Ayush and Gurung, Bijay and Thapa, Mahendra Singh and Rai, Mehang and Joshi, Basanta},
  booktitle={International conference on computational intelligence, communications, and business analytics},
  pages={168--183},
  year={2017},
  organization={Springer}
}
@inproceedings{joshi2014intelligent,
  title={Intelligent clustering scheme for log data streams},
  author={Joshi, Basanta and Bista, Umanga and Ghimire, Manoj},
  booktitle={International Conference on Intelligent Text Processing and Computational Linguistics},
  pages={454--465},
  year={2014},
  organization={Springer}
}

@incollection{mishra2022deep,
  title={Deep Residual Learning for Facial Emotion Recognition},
  author={Mishra, Sagar and Joshi, Basanta and Paudyal, Rajendra and Chaulagain, Duryodhan and Shakya, Subarna},
  booktitle={Mobile Computing and Sustainable Informatics},
  pages={301--313},
  year={2022},
  publisher={Springer}
}

@article{acharya2021abnormal,
  title={Abnormal motion pattern detection in video sequences by an unsupervised approach},
  author={Acharya, Himal and Joshi, Basanta},
  journal={Engineering and Applied Science Research},
  volume={48},
  number={5},
  pages={509--517},
  year={2021}
}
@article{bista2021alumni,
  title={An Alumni Portal and Tracking System},
  author={Bista, Baibhav and Shakya, Aman and Joshi, Basanta and Pokhrel, Anusandhan and Dangol, Lumanti and Kedia, Mohit and Baral, Daya Sagar},
  journal={Journal of the Institute of Engineering},
  volume={16},
  number={1},
  pages={7--14},
  year={2021}
}
@article{shrestha2021multi,
  title={Multi-agent based heterogeneous power management system},
  author={Shrestha, Purushotam, and Basanta Joshi},
  journal={International Journal of Innovative
Computing, Information and Control},
  volume={17},
  number={1},
  pages={245--257},
  year={2021}
} 

@inproceedings{shrestha2020automatic,
  title={Automatic Pose Estimation of Micro Unmanned Aerial Vehicle for Autonomous Landing},
  author={Shrestha, Manish and Panday, Sanjeeb Prasad and Joshi, Basanta and Shakya, Aman and Pandey, Rom Kant},
  booktitle={International Conference on Intelligent Computing},
  pages={3--15},
  year={2020},
  organization={Springer}
}
@inproceedings{bhatta2020nepali,
  title={Nepali Speech Recognition Using CNN, GRU and CTC},
  author={Bhatta, Bharat and Joshi, Basanta and Maharjhan, Ram Krishna},
  booktitle={Proceedings of the 32nd Conference on Computational Linguistics and Speech Processing ($\{$ROCLING$\}$ 2020)},
  pages={238--246},
  year={2020}
}
@inproceedings{sharma2020user,
  title={User Behavior Analytics for Anomaly Detection Using LSTM Autoencoder-Insider Threat Detection},
  author={Sharma, Balaram and Pokharel, Prabhat and Joshi, Basanta},
  booktitle={Proceedings of the 11th International Conference on Advances in Information Technology},
  pages={1--9},
  year={2020}
}
